<record><leader>00000cas a22000007a 4500</leader><controlfield tag="001">13979426</controlfield><controlfield tag="008">860729d18551861wiuwr ne      0    0dut d</controlfield><datafield ind1=" " ind2=" " tag="010"><subfield code="a">sn 86086259 </subfield></datafield><datafield ind1=" " ind2=" " tag="040"><subfield code="a">NPV</subfield><subfield code="b">eng</subfield><subfield code="c">NPV</subfield><subfield code="d">OCLCQ</subfield></datafield><datafield ind1=" " ind2=" " tag="042"><subfield code="a">msc</subfield></datafield><datafield ind1=" " ind2=" " tag="045"><subfield code="a">w5w6</subfield></datafield><datafield ind1=" " ind2=" " tag="052"><subfield code="a">4123</subfield><subfield code="b">S6</subfield></datafield><datafield ind1="0" ind2="3" tag="245"><subfield code="a">De Nieuwsbode.</subfield></datafield><datafield ind1=" " ind2=" " tag="260"><subfield code="a">Sheboygan, Wis. :</subfield><subfield code="b">[J. Quintus],</subfield><subfield code="c">1855-1861.</subfield></datafield><datafield ind1=" " ind2=" " tag="300"><subfield code="a">v.</subfield></datafield><datafield ind1=" " ind2=" " tag="310"><subfield code="a">Weekly</subfield></datafield><datafield ind1="0" ind2=" " tag="362"><subfield code="a">6de jaarg., no. 1 (9 Jan., 1855)-12 jaarg., no. 10 (8 May, 1861) = Geheel no. 261-Geheel no. 582.</subfield></datafield><datafield ind1=" " ind2=" " tag="500"><subfield code="a">Editors: J. Quintus, Jan. 16, 1855-March 2, 1858; G.M. Groesbeek, March 9, 1858-May 8, 1861.</subfield></datafield><datafield ind1=" " ind2=" " tag="521"><subfield code="a">Orgaan Der Nederlanders in Noord-Amerika.</subfield></datafield><datafield ind1=" " ind2=" " tag="530"><subfield code="a">Available on microfilm from the State Historical Society of Wisconsin.</subfield></datafield><datafield ind1=" " ind2=" " tag="752"><subfield code="a">United States</subfield><subfield code="b">Wisconsin</subfield><subfield code="c">Sheboygan</subfield><subfield code="d">Sheboygan.</subfield></datafield><datafield ind1="0" ind2="0" tag="780"><subfield code="t">Sheboygan nieuwsbode</subfield><subfield code="w">(DLC)sn 84031967</subfield></datafield><datafield ind1="1" ind2=" " tag="029"><subfield code="a">AU@</subfield><subfield code="b">000025825821</subfield></datafield></record>